@misc{dataset,
    title =        "{TLC [Taxi and Limousine Commission] Trip Record Data}",
    howpublished =  "\url{http://www.nyc.gov/html/tlc/html/about/trip_record_data.shtml}",
    volume =       "322",
    number =       "10",
    pages =        "891--921",
    year =         "1905",
    DOI =          "http://dx.doi.org/10.1002/andp.19053221004"
}